@MISC{jacobi,
    author = {Cook, John D.},
    title = {Computing Legendre and Jacobi symbols [online]},
    url = {
        https://www.johndcook.com/blog/2019/02/12/computing-jacobi-symbols
    },
    note = {Feb 2019 [cit. 2020-05-03]}
}

@MISC{solovay,
    author = {Wikipedia},
    title = {Solovayâ€“Strassen primality test [online]},
    url = {
        https://en.wikipedia.org/wiki/Solovay-Strassen_primality_test
    },
    note = {Dec 2019 [cit. 2020-05-03]}
}

@MISC{brentOnline,
    author = {fR0DDY},
    title = {Pollard Rho Brent Integer Factorization [online]},
    url = {
        https://comeoncodeon.wordpress.com/2010/09/18/pollard-rho-brent-integer-factorization
    },
    note = {Sep 2010 [cit. 2020-05-03]}
}

@ARTICLE{brent,
    issn = {0006-3835},
    journal = {BIT Numerical Mathematics},
    pages = {176\,--\,184},
    volume = {20},
    publisher = {Kluwer Academic Publishers},
    number = {2},
    year = {1980},
    title = {An improved Monte Carlo factorization algorithm},
    address = {Dordrecht},
    author = {Brent, Richard}
}

@TECHREPORT{pkcrypt,
    year = {1991},
    title = {Public-Key Cryptography},
    month = {Apr},
    author = {Nechvatal, James},
    institution = {National Institute of Standards and Technology},
    note = {Special publication}
}
